@misc{ipentec2020,
author="iPentec",
title="ECC / ECC Reistered / Unbuffered メモリの違い",
url="https://www.ipentec.com/document/hardware-memory-ecc-registered",
year= 2020, 
month="Dec"
}

@book{nikkeidram4takai,
author="日経産業新聞",
title="ＤＲＡＭ、市況回復鮮明、スマホけん引、２か月連続上昇。",
year= 2021, 
month= 2,
day= 3,
pages = 10,
publisher = "日本経済新聞社",
booktitle = "日経産業新聞"
}

@misc{akibagpu,
author= {{AKIBA PC Hotline!編集部}},
title="GeForce RTX 3000系の在庫不足がさらに深刻化、棚に“売る物が無い”状況に",
url="https://akiba-pc.watch.impress.co.jp/docs/wakiba/find/1307420.html",
year= 2021, 
month= 2,
publisher = "Impress",
note = "2021年2月28日アクセス"
}

@article{pricing,
author={Calzada, J. \and Martinez-Santos, F.},
title="Pricing strategies and competition in the mobile broadband market",
journal="Journal of Regulatory Economics volume",
year=2016,
month=8,
volume=50,
pages="70\-98",
url="https://doi.org/10.1007/s11149-016-9307-5"
}


@misc{itmedia,
author= "聡 田中",
title="3キャリアの20GBプラン「ahamo」「SoftBank on LINE」「povo」を比較　違いは？",
url="https://www.itmedia.co.jp/mobile/articles/2101/20/news124.html",
year= 2021, 
month= 1,
publisher = "ITmedia",
note = "2021年3月18日アクセス"
}

